<?xml version="1.0" encoding="UTF-8"?><collection xmlns="http://www.loc.gov/MARC21/slim"><record><leader>00498nam--2200133-i-4500</leader><controlfield tag="001">000018039</controlfield><controlfield tag="002">20161230</controlfield><controlfield tag="005">20161230201032</controlfield><controlfield tag="008">060222s1000------------r-----000-0-eng-d</controlfield><datafield ind1=" " ind2=" " tag="080"><subfield code="a">621.311.00.467(472.51):668.5.083(498)81</subfield></datafield><datafield ind1=" " ind2=" " tag="100"><subfield code="a">Elin, A.M., Veselov, S.S</subfield></datafield><datafield ind1=" " ind2=" " tag="245"><subfield code="a">Rationalizatorii in lucrarile de reparatii ale centralelor electrice din leningrad.trad. din lb.rusa numai pentru uz intern si documentare</subfield></datafield><datafield ind1=" " ind2=" " tag="260"><subfield code="a">Bucuresti, Edit. Energetica De Stat, 1953. 123 P. Cu Ilustr</subfield></datafield><datafield ind1=" " ind2=" " tag="852"><subfield code="a">3139</subfield></datafield></record></collection>